01,0004,12345,060321,2400,001,80,1,2/
02,12345,0004,1,060317,,CAD,/
03,10200123456,,040,+000000000000,,,045,+000000000000,,/
88,100,000000000208500,00003,V,060316,,400,000000000208500,00008,V,060316,/
16,108,000000000187938,V,060316,,,, Store104 /
49,+00000000000446000,000000009/
98,+00000000001280000,000000002,000000025/
99,+00000000001280000,000000001,000000027/
